<collection xmlns="http://www.loc.gov/MARC21/slim">
<record>
  <leader>01041nam0a2200229 i 450 </leader>
  <controlfield tag="001">IT\ICCU\CNCE\052487</controlfield>
  <controlfield tag="005">20101026000000.0</controlfield>
  <datafield tag="012" ind1=" " ind2=" ">
    <subfield code="a">nao- teb- g-on stSi (C) 1550 (R)</subfield>
    <subfield code="2">fei</subfield>
  </datafield>
  <datafield tag="100" ind1=" " ind2=" ">
    <subfield code="a">20011127d1550        0itac0103    ba</subfield>
  </datafield>
  <datafield tag="101" ind1=" " ind2=" ">
    <subfield code="a">ITA</subfield>
  </datafield>
  <datafield tag="102" ind1=" " ind2=" ">
    <subfield code="a">IT</subfield>
  </datafield>
  <datafield tag="200" ind1="1" ind2=" ">
    <subfield code="a">Comedia nomata Ramnusia. F ̣recitata in Verona in casa de li magnifici, et illustri conti Nogaroli. Del MDXXX del mese di febraio</subfield>
  </datafield>
  <datafield tag="210" ind1=" " ind2=" ">
    <subfield code="e">In Vineggia</subfield>
    <subfield code="g">per Pietro</subfield>
    <subfield code="h">et Giouanmaria fratelli de i Nicolini da Sabbio</subfield>
    <subfield code="h">1550</subfield>
  </datafield>
  <datafield tag="215" ind1=" " ind2=" ">
    <subfield code="a">\40! c.</subfield>
    <subfield code="d">12ʻ</subfield>
  </datafield>
  <datafield tag="620" ind1=" " ind2=" ">
    <subfield code="a">IT</subfield>
    <subfield code="d">Venezia</subfield>
  </datafield>
  <datafield tag="700" ind1=" " ind2="1">
    <subfield code="a">Schioppi,</subfield>
    <subfield code="b">Aurelio</subfield>
    <subfield code="3">IT\ICCU\CNCA\016434</subfield>
  </datafield>
  <datafield tag="712" ind1="0" ind2="0">
    <subfield code="a">Nicolini da Sabbio, Pietro &amp; Nicolini da Sabbio, Giovanni Maria</subfield>
    <subfield code="3">IT\ICCU\CNCT\000355</subfield>
    <subfield code="4">650</subfield>
  </datafield>
  <datafield tag="790" ind1=" " ind2="1">
    <subfield code="a">Schioppi,</subfield>
    <subfield code="b">Giovanni Aurelio</subfield>
    <subfield code="3">IT\ICCU\CNCA\024026</subfield>
    <subfield code="z">Schioppi, Aurelio</subfield>
  </datafield>
  <datafield tag="801" ind1=" " ind2="3">
    <subfield code="a">IT</subfield>
    <subfield code="b">ICCU</subfield>
    <subfield code="c">20201115</subfield>
  </datafield>
  <datafield tag="899" ind1=" " ind2=" ">
    <subfield code="a">Biblioteca dell&apos;Accademia nazionale dei Lincei e Corsiniana. Roma</subfield>
    <subfield code="1">RM0418</subfield>
    <subfield code="2">RML 10</subfield>
  </datafield>
  <datafield tag="899" ind1=" " ind2=" ">
    <subfield code="a">Biblioteca Storica di Ateneo &quot;Arturo Graf&quot;. Torino</subfield>
    <subfield code="1">TO0529</subfield>
    <subfield code="2">UTO 23</subfield>
  </datafield>
  <datafield tag="899" ind1=" " ind2=" ">
    <subfield code="a">British Library. London</subfield>
    <subfield code="1">UK0001</subfield>
  </datafield>
</record>
</collection>
